<?xml version="1.0" encoding="UTF-8"?><collection xmlns="http://www.loc.gov/MARC21/slim"><record><leader>00521nam--2200193-i-4500</leader><controlfield tag="001">000000243</controlfield><controlfield tag="002">20161230</controlfield><controlfield tag="005">20161230201023</controlfield><controlfield tag="008">060222s1000------------r-----000-0-eng-d</controlfield><datafield ind1=" " ind2=" " tag="040"><subfield code="a">IFIN-HH</subfield></datafield><datafield ind1=" " ind2=" " tag="080"><subfield code="a">541.28</subfield></datafield><datafield ind1="1" ind2=" " tag="100"><subfield code="a">Friedlander, G</subfield></datafield><datafield ind1="1" ind2="0" tag="245"><subfield code="a">Nuclear and radiochemistry</subfield><subfield code="c">G. friedlander, j.w. kenney, j.m. miller</subfield></datafield><datafield ind1=" " ind2=" " tag="250"><subfield code="a">Second Edition</subfield></datafield><datafield ind1=" " ind2=" " tag="260"><subfield code="a">New York</subfield><subfield code="b">John Wiley &amp; Sons, Inc</subfield><subfield code="c">1964</subfield></datafield><datafield ind1=" " ind2=" " tag="300"><subfield code="a">XI + 585 P</subfield></datafield><datafield ind1="1" ind2=" " tag="700"><subfield code="a">Miller, J.M</subfield></datafield><datafield ind1=" " ind2=" " tag="852"><subfield code="a">21903</subfield><subfield code="c">541.15</subfield></datafield><datafield ind1=" " ind2=" " tag="CAT"><subfield code="a">Sys</subfield><subfield code="c">20121206</subfield><subfield code="h">103347</subfield></datafield></record></collection>